@misc{Hamad_2023,
  author = {Hamad, Hussein and Mangla, Ankit},
  month  = {7},
  title  = {{Lymphocytosis}},
  year   = {2023},
  url    = {https://www.ncbi.nlm.nih.gov/books/NBK549819/}
}
@article{Sahasrabudhe_2021,
  author  = {Sahasrabudhe, Mihir and Sujobert, Pierre and Zacharaki, Evangelia I. and Maurin, Eugenie and Grange, BÃ©atrice and Jallades, Laurent and Paragios, Nikos and Vakalopoulou, Maria},
  journal = {IEEE Journal of Biomedical and Health Informatics},
  month   = {6},
  number  = {6},
  pages   = {2125--2136},
  title   = {{Deep Multi-Instance learning using Multi-Modal data for diagnosis of lymphocytosis}},
  volume  = {25},
  year    = {2021},
  doi     = {10.1109/jbhi.2020.3038889},
  url     = {https://doi.org/10.1109/jbhi.2020.3038889}
}

@article{Vial_2018,
  author  = {Vial, Alanna and Stirling, David and Field, Matthew and Ros, Montserrat and Ritz, Christian and Carolan, Martin G and Holloway, Lois and Miller, Andrew},
  journal = {Translational cancer research},
  month   = {6},
  number  = {3},
  pages   = {803--816},
  title   = {{The role of deep learning and radiomic feature extraction in cancer-specific predictive modelling: a review}},
  volume  = {7},
  year    = {2018},
  doi     = {10.21037/tcr.2018.05.02},
  url     = {https://doi.org/10.21037/tcr.2018.05.02}
}

@article{Yao_2020,
  author  = {Yao, J. and Zhu, X. and Jonnagaddala, J. and Hawkins, N. J. and Huang, J.},
  journal = {Medical Image Analysis},
  title   = {Whole slide images based cancer survival prediction using attention guided deep multiple instance learning networks},
  volume  = {65},
  year    = {2020},
  doi     = {10.1016/j.media.2020.101789}
}
